<?xml version="1.0" encoding="UTF-8"?><collection xmlns="http://www.loc.gov/MARC21/slim"><record><leader>00504nam--2200145-i-4500</leader><controlfield tag="001">000033100</controlfield><controlfield tag="002">20161230</controlfield><controlfield tag="005">20161230201039</controlfield><controlfield tag="008">060222s1000------------r-----000-0-eng-d</controlfield><datafield ind1=" " ind2=" " tag="080"><subfield code="a">543.422</subfield></datafield><datafield ind1=" " ind2=" " tag="100"><subfield code="a">Moenke, Horst Und Moenke-blankenburg, Lieselotte</subfield></datafield><datafield ind1=" " ind2=" " tag="245"><subfield code="a">Einfuhtung in die laser-mikro-emissionsspektralanalyse. mit 52 abbildungen und 11 tabellen</subfield></datafield><datafield ind1=" " ind2=" " tag="260"><subfield code="a">Leipzig, Akademische Verlagsgesellschaft Geest &amp; Portig, 1966, 182p</subfield></datafield><datafield ind1=" " ind2=" " tag="490"><subfield code="a">Technisch-physikalische Monographien</subfield></datafield><datafield ind1=" " ind2=" " tag="852"><subfield code="a">24773</subfield></datafield></record></collection>